% Encoding: UTF-8
@misc{citations, title={Bibliographies and Citations}, url={https://rmarkdown.rstudio.com/authoring_bibliographies_and_citations.html}, journal={Citations}}

@article{rmarkdown_cheatsheet, title={Rmarkdown Cheatsheet}, url={https://www.rstudio.com/wp-content/uploads/2016/03/rmarkdown-cheatsheet-2.0.pdf}, journal={Rmarkdown}} 

@misc{cboettig_2019, title={cboettig/knitcitations}, url={https://github.com/cboettig/knitcitations}, journal={GitHub}, author={Cboettig}, year={2019}, month={Apr}}

@misc{refmanager, title={Add Citations to an RMarkdown Document and Print Bibliography}, url={https://cran.r-project.org/web/packages/RefManageR/vignettes/TestAlphabetic.html#cite-aristotlephysics}, journal={refmanager}}

@Article{Zheng2017,
  author        = {Grace X. Y. Zheng and Jessica M. Terry and Phillip Belgrader and Paul Ryvkin and Zachary W. Bent and Ryan Wilson and Solongo B. Ziraldo and Tobias D. Wheeler and Geoff P. McDermott and Junjie Zhu and Mark T. Gregory and Joe Shuga and Luz Montesclaros and Jason G. Underwood and Donald A. Masquelier and Stefanie Y. Nishimura and Michael Schnall-Levin and Paul W. Wyatt and Christopher M. Hindson and Rajiv Bharadwaj and Alexander Wong and Kevin D. Ness and Lan W. Beppu and H. Joachim Deeg and Christopher McFarland and Keith R. Loeb and William J. Valente and Nolan G. Ericson and Emily A. Stevens and Jerald P. Radich and Tarjei S. Mikkelsen and Benjamin J. Hindson and Jason H. Bielas},
  title         = {Massively parallel digital transcriptional profiling of single cells},
  journal       = {Nature Communications},
  year          = {2017},
  volume        = {8},
  number        = {1},
  month         = jan,
  __markedentry = {[chris:6]},
  doi           = {10.1038/ncomms14049},
  publisher     = {Springer Science and Business Media {LLC}},
  url           = {https://doi.org/10.1038/ncomms14049},
}

@Article{Lheureux2019,
  author    = {Stephanie Lheureux and Marsela Braunstein and Amit M. Oza},
  title     = {Epithelial ovarian cancer: Evolution of management in the era of precision medicine},
  journal   = {{CA}: A Cancer Journal for Clinicians},
  year      = {2019},
  month     = may,
  note      = {THIS IS A NOTE},
  doi       = {10.3322/caac.21559},
  publisher = {Wiley},
  url       = {https://doi.org/10.3322/caac.21559},
}

@Misc{BibEntry2019May,
  title   = {{How can I force R markdown / LaTeX to display 'note' field in bibliography (display additional information)?}},
  month   = {May},
  year    = {2019},
  note    = {[Online; accessed 23. May 2019]},
  journal = {Stack Overflow},
  url     = {https://stackoverflow.com/questions/42417659/how-can-i-force-r-markdown-latex-to-display-note-field-in-bibliography-disp},
}

@Misc{ocpmi_git,
  title   = {{tasta005/ocpmi}},
  month   = {May},
  year    = {2019},
  note    = {[Online; accessed 23. May 2019]},
  journal = {GitHub Enterprise},
  url     = {https://github.umn.edu/tasta005/ocpmi},
}

@Misc{2019,
  title = {{Zotero Style Repository}},
  month = {May},
  year  = {2019},
  note  = {[Online; accessed 23. May 2019]},
  url   = {https://www.zotero.org/styles},
}

@Misc{2019a,
  title = {{Oh, shit, git!}},
  month = {Mar},
  year  = {2019},
  note  = {[Online; accessed 23. May 2019]},
  url   = {http://ohshitgit.com},
}

@Misc{2019b,
  title = {{doi2bib}},
  month = {May},
  year  = {2019},
  note  = {[Online; accessed 23. May 2019]},
  url   = {https://www.doi2bib.org/bib/https://doi.org/10.1038/ncomms14049},
}

@Misc{2019c,
  title   = {{How do I run an R script from within RStudio's built-in R console?}},
  month   = {May},
  year    = {2019},
  note    = {[Online; accessed 24. May 2019]},
  journal = {Stack Overflow},
  url     = {https://stackoverflow.com/questions/42046607/how-do-i-run-an-r-script-from-within-rstudios-built-in-r-console},
}

@Comment{jabref-meta: databaseType:bibtex;}
